<?xml version="1.0" encoding="UTF-8"?>
<record xmlns="http://www.loc.gov/MARC21/slim" xmlns:xsi="http://www.w3.org/2001/XMLSchema-instance" xsi:schemaLocation="http://www.loc.gov/MARC21/slim http://www.loc.gov/standards/marcxml/schema/MARC21slim.xsd">
<leader>     cam a22002652  4500</leader>
<controlfield tag="001">001679793</controlfield>
<controlfield tag="003">NNU</controlfield>
<controlfield tag="005">19930628064941.0</controlfield>
<controlfield tag="008">930628s1969    iq ac    b    000 0carax</controlfield>
<datafield tag="010" ind1=" " ind2=" ">
<subfield code="a">70961561</subfield>
</datafield>
<datafield tag="035" ind1="9" ind2=" ">
<subfield code="a">NYUb12223186</subfield>
</datafield>
<datafield tag="035" ind1=" " ind2=" ">
<subfield code="a">(CStRLIN)NYCX93-B54229</subfield>
<subfield code="z">(CStRLIN)NYCX93B54229</subfield>
</datafield>
<datafield tag="035" ind1=" " ind2=" ">
<subfield code="a">(WaOLN)com0041371</subfield>
</datafield>
<datafield tag="040" ind1=" " ind2=" ">
<subfield code="c">NN</subfield>
<subfield code="d">NN</subfield>
<subfield code="d">NIC</subfield>
</datafield>
<datafield tag="050" ind1="0" ind2="0">
<subfield code="a">ML400.A345</subfield>
<subfield code="b">Q6</subfield>
</datafield>
<datafield tag="100" ind1="1" ind2=" ">
<subfield code="a">al-ʻAllāf, ʻAbd al-Karīm.</subfield>
</datafield>
<datafield tag="245" ind1="1" ind2="0">
<subfield code="a">Qiyān Baghdād</subfield>
<subfield code="b">fī al-ʻaṣr al-ʻAbbāsī wa-al-ʻUthmānī wa-al-akhīr, taʼlīf ʻAbd al-Karīm al-ʻAllāf. Qaddama lahu ʻAlī al-Khāqānī. [al-Ṭabʻah 1]</subfield>
</datafield>
<datafield tag="260" ind1=" " ind2=" ">
<subfield code="a">Baghdād,</subfield>
<subfield code="b">Maṭbaʻat Dār al-Taḍāmun,</subfield>
<subfield code="c">1969.</subfield>
</datafield>
<datafield tag="300" ind1=" " ind2=" ">
<subfield code="a">264 p.</subfield>
<subfield code="b">illus., ports.</subfield>
<subfield code="c">24 cm.</subfield>
</datafield>
<datafield tag="490" ind1="1" ind2=" ">
<subfield code="a">Manshūrāt Dār al-Bayān,</subfield>
<subfield code="v">49</subfield>
</datafield>
<datafield tag="504" ind1=" " ind2=" ">
<subfield code="a">Bibliography: p. 263-264.</subfield>
</datafield>
<datafield tag="650" ind1=" " ind2="0">
<subfield code="a">Singers, Arabic.</subfield>
</datafield>
<datafield tag="830" ind1=" " ind2="0">
<subfield code="a">Manshūrāt Dār al-Bayān ;</subfield>
<subfield code="v">49.</subfield>
</datafield>
<datafield tag="OWN" ind1=" " ind2=" ">
<subfield code="a">GENERAL</subfield>
</datafield>
<datafield tag="950" ind1=" " ind2=" ">
<subfield code="l">BMAIN</subfield>
<subfield code="a">ML400</subfield>
<subfield code="b">.A416</subfield>
</datafield>
<datafield tag="955" ind1=" " ind2=" ">
<subfield code="l">BMAIN</subfield>
<subfield code="c">1</subfield>
<subfield code="r">000883481</subfield>
</datafield>
<datafield tag="998" ind1=" " ind2=" ">
<subfield code="s">1125</subfield>
</datafield>
<datafield tag="AVA" ind1=" " ind2=" ">
<subfield code="a">NYU50</subfield>
<subfield code="b">BOBST</subfield>
<subfield code="c">Main Collection</subfield>
<subfield code="d">ML400 .A416</subfield>
<subfield code="e">unavailable</subfield>
<subfield code="t">Unavailable</subfield>
<subfield code="f">1</subfield>
<subfield code="g">1</subfield>
<subfield code="h">N</subfield>
<subfield code="i">0</subfield>
<subfield code="j">MAIN</subfield>
<subfield code="k">0</subfield>
</datafield>
</record>
